<record><leader>00000cas a22000007a 4500</leader><controlfield tag="001">13489354</controlfield><controlfield tag="008">860424d19001903pauwr ne      0    0eng d</controlfield><datafield ind1=" " ind2=" " tag="010"><subfield code="a">sn 87078060 </subfield></datafield><datafield ind1=" " ind2=" " tag="040"><subfield code="a">NPH</subfield><subfield code="b">eng</subfield><subfield code="c">NPH</subfield><subfield code="d">OCLCQ</subfield></datafield><datafield ind1=" " ind2=" " tag="042"><subfield code="a">msc</subfield></datafield><datafield ind1="0" ind2="0" tag="245"><subfield code="a">Schuylkill Haven call.</subfield></datafield><datafield ind1="1" ind2="3" tag="246"><subfield code="a">Call</subfield></datafield><datafield ind1=" " ind2=" " tag="260"><subfield code="a">Schuylkill Haven, Pa. :</subfield><subfield code="b">Call Pub. Co.,</subfield><subfield code="c">1900-1903.</subfield></datafield><datafield ind1=" " ind2=" " tag="300"><subfield code="a">2 v. :</subfield><subfield code="b">ill. (chiefly advertisements)</subfield></datafield><datafield ind1=" " ind2=" " tag="310"><subfield code="a">Weekly</subfield></datafield><datafield ind1="0" ind2=" " tag="362"><subfield code="a">Vol. 10, no. 1 (Aug. 3, 1900)-v. 12, no. 49 (July 3, 1903).</subfield></datafield><datafield ind1=" " ind2=" " tag="752"><subfield code="a">United States</subfield><subfield code="b">Pennsylvania</subfield><subfield code="c">Schuylkill</subfield><subfield code="d">Schuylkill Haven.</subfield></datafield><datafield ind1="0" ind2="0" tag="780"><subfield code="t">Call (Schuylkill Haven, Pa. : 1895)</subfield><subfield code="w">(DLC)sn 87078155</subfield><subfield code="w">(OCoLC)13489343</subfield></datafield><datafield ind1="0" ind2="0" tag="785"><subfield code="t">Call (Schuylkill Haven, Pa. : 1903)</subfield><subfield code="w">(DLC)sn 87078059</subfield><subfield code="w">(OCoLC)13489379</subfield></datafield></record>